@misc{bühler2018deep,
  title         = {Deep Hedging},
  author        = {Hans Bühler and Lukas Gonon and Josef Teichmann and Ben Wood},
  year          = {2018},
  eprint        = {1802.03042},
  archiveprefix = {arXiv},
  primaryclass  = {q-fin.CP}
}